@article{mackiewicz1993principal,
  title={Principal components analysis (PCA)},
  author={Ma{\'c}kiewicz, Andrzej and Ratajczak, Waldemar},
  journal={Computers \& Geosciences},
  volume={19},
  number={3},
  pages={303--342},
  year={1993},
  publisher={Elsevier}
}


@book{nolan2001stat,
  title={Stat labs: mathematical statistics through applications},
  author={Nolan, Deborah and Speed, Terry P},
  year={2001},
  publisher={Springer Science \& Business Media}
}


@book{dunn2018generalized,
  title={Generalized linear models with examples in R},
  author={Dunn, Peter K and Smyth, Gordon K and others},
  volume={53},
  year={2018},
  publisher={Springer}
}